@article{li2019measurement,
  title={Measurement-driven entanglement transition in hybrid quantum circuits},
  author={Li, Yaodong and Chen, Xiao and Fisher, Matthew},
  journal={arXiv preprint arXiv:1901.08092},
  year={2019}
}


@article{gullans2019dynamical,
  title={Dynamical purification phase transition induced by quantum measurements},
  author={Gullans, Michael J and Huse, David A},
  journal={arXiv preprint arXiv:1905.05195},
  year={2019}
}


@article{jian2019measurement,
  title={Measurement-induced criticality in random quantum circuits},
  author={Jian, Chao-Ming and You, Yi-Zhuang and Vasseur, Romain and Ludwig, Andreas WW},
  journal={arXiv preprint arXiv:1908.08051},
  year={2019}
}


@article{vasseur2019entanglement,
  title={Entanglement transitions from holographic random tensor networks},
  author={Vasseur, Romain and Potter, Andrew C and You, Yi-Zhuang and Ludwig, Andreas WW},
  journal={Physical Review B},
  volume={100},
  number={13},
  pages={134203},
  year={2019},
  publisher={APS}
}


@article{aaronson2004improved,
  title={Improved simulation of stabilizer circuits},
  author={Aaronson, Scott and Gottesman, Daniel},
  journal={Physical Review A},
  volume={70},
  number={5},
  pages={052328},
  year={2004},
  publisher={APS}
}


@article{gottesman1998heisenberg,
  title={The Heisenberg representation of quantum computers},
  author={Gottesman, Daniel},
  journal={arXiv preprint quant-ph/9807006},
  year={1998}
}


@article{preskill1998lecture,
  title={Lecture notes for physics 229: Quantum information and computation},
  author={Preskill, John},
  journal={California Institute of Technology},
  volume={16},
  year={1998}
}


@article{gullans2019scalable,
  title={Scalable probes of measurement-induced criticality},
  author={Gullans, Michael J and Huse, David A},
  journal={arXiv preprint arXiv:1910.00020},
  year={2019}
}


@misc{nielsen2002quantum,
  title={Quantum computation and quantum information},
  author={Nielsen, Michael A and Chuang, Isaac},
  year={2002},
  publisher={AAPT}
}


@article{nahum2017quantum,
  title={Quantum entanglement growth under random unitary dynamics},
  author={Nahum, Adam and Ruhman, Jonathan and Vijay, Sagar and Haah, Jeongwan},
  journal={Physical Review X},
  volume={7},
  number={3},
  pages={031016},
  year={2017},
  publisher={APS}
}

@article{skinner2019measurement,
  title={Measurement-induced phase transitions in the dynamics of entanglement},
  author={Skinner, Brian and Ruhman, Jonathan and Nahum, Adam},
  journal={Physical Review X},
  volume={9},
  number={3},
  pages={031009},
  year={2019},
  publisher={APS}
}


@article{barendssupplementary,
  title={Supplementary Information for “Superconducting quantum circuits at the surface code threshold for fault tolerance”},
  author={Barends, R and Kelly, J and Megrant, A and Veitia, A and Sank, D and Jeffrey, E and White, TC and Mutus, J and Fowler, AG and Campbell, B and others}
}


@article{garcia2012efficient,
  title={Efficient inner-product algorithm for stabilizer states},
  author={Garcia, Hector J and Markov, Igor L and Cross, Andrew W},
  journal={arXiv preprint arXiv:1210.6646},
  year={2012}
}


@article{atas2013distribution,
  title={Distribution of the ratio of consecutive level spacings in random matrix ensembles},
  author={Atas, YY and Bogomolny, E and Giraud, O and Roux, G},
  journal={Physical review letters},
  volume={110},
  number={8},
  pages={084101},
  year={2013},
  publisher={APS}
}


@article{bravyi2016improved,
  title={Improved classical simulation of quantum circuits dominated by Clifford gates},
  author={Bravyi, Sergey and Gosset, David},
  journal={Physical review letters},
  volume={116},
  number={25},
  pages={250501},
  year={2016},
  publisher={APS}
}


@article{nahum2018operator,
  title={Operator spreading in random unitary circuits},
  author={Nahum, Adam and Vijay, Sagar and Haah, Jeongwan},
  journal={Physical Review X},
  volume={8},
  number={2},
  pages={021014},
  year={2018},
  publisher={APS}
}


@article{chan2018solution,
  title={Solution of a minimal model for many-body quantum chaos},
  author={Chan, Amos and De Luca, Andrea and Chalker, JT},
  journal={Physical Review X},
  volume={8},
  number={4},
  pages={041019},
  year={2018},
  publisher={APS}
}


@article{zhang2019information,
  title={Information scrambling in chaotic systems with dissipation},
  author={Zhang, Yong-Liang and Huang, Yichen and Chen, Xie and others},
  journal={Physical Review B},
  volume={99},
  number={1},
  pages={014303},
  year={2019},
  publisher={APS}
}


@article{chan2018spectral,
  title={Spectral statistics in spatially extended chaotic quantum many-body systems},
  author={Chan, Amos and De Luca, Andrea and Chalker, JT},
  journal={Physical review letters},
  volume={121},
  number={6},
  pages={060601},
  year={2018},
  publisher={APS}
}


@article{gharibyan2018onset,
  title={Onset of random matrix behavior in scrambling systems},
  author={Gharibyan, Hrant and Hanada, Masanori and Shenker, Stephen H and Tezuka, Masaki},
  journal={Journal of High Energy Physics},
  volume={2018},
  number={7},
  pages={124},
  year={2018},
  publisher={Springer}
}


@article{bertini2018exact,
  title={Exact spectral form factor in a minimal model of many-body quantum chaos},
  author={Bertini, Bruno and Kos, Pavel and Prosen, Toma{\v{z}}},
  journal={Physical review letters},
  volume={121},
  number={26},
  pages={264101},
  year={2018},
  publisher={APS}
}

@article{bravyi2019simulation,
  title={Simulation of quantum circuits by low-rank stabilizer decompositions},
  author={Bravyi, Sergey and Browne, Dan and Calpin, Padraic and Campbell, Earl and Gosset, David and Howard, Mark},
  journal={Quantum},
  volume={3},
  pages={181},
  year={2019},
  publisher={Verein zur F{\"o}rderung des Open Access Publizierens in den Quantenwissenschaften}
}


@article{li2018quantum,
  title={Quantum Zeno effect and the many-body entanglement transition},
  author={Li, Yaodong and Chen, Xiao and Fisher, Matthew PA},
  journal={Physical Review B},
  volume={98},
  number={20},
  pages={205136},
  year={2018},
  publisher={APS}
}


@article{zhou2019single,
  title={Single T gate in a Clifford circuit drives transition to universal entanglement spectrum statistics},
  author={Zhou, Shiyu and Yang, Zhi-Cheng and Hamma, Alioscia and Chamon, Claudio},
  journal={arXiv preprint arXiv:1906.01079},
  year={2019}
}


@article{bao2020theory,
  title={Theory of the phase transition in random unitary circuits with measurements},
  author={Bao, Yimu and Choi, Soonwon and Altman, Ehud},
  journal={Physical Review B},
  volume={101},
  number={10},
  pages={104301},
  year={2020},
  publisher={APS}
}


@article{zabalo2020critical,
  title={Critical properties of the measurement-induced transition in random quantum circuits},
  author={Zabalo, Aidan and Gullans, Michael J and Wilson, Justin H and Gopalakrishnan, Sarang and Huse, David A and Pixley, JH},
  journal={Physical Review B},
  volume={101},
  number={6},
  pages={060301},
  year={2020},
  publisher={APS}
}


@phdthesis{chan2019minimal,
  title={Minimal models of quantum chaotic many-body systems},
  author={Chan, Amos},
  year={2019},
  school={University of Oxford}
}


@article{oganesyan2007localization,
  title={Localization of interacting fermions at high temperature},
  author={Oganesyan, Vadim and Huse, David A},
  journal={Physical review b},
  volume={75},
  number={15},
  pages={155111},
  year={2007},
  publisher={APS}
}


@article{nandkishore2015many,
  title={Many-body localization and thermalization in quantum statistical mechanics},
  author={Nandkishore, Rahul and Huse, David A},
  journal={Annu. Rev. Condens. Matter Phys.},
  volume={6},
  number={1},
  pages={15--38},
  year={2015},
  publisher={Annual Reviews}
}


@article{morrison1999eigenvalues,
  title={Eigenvalues of random matrices over finite fields},
  author={Morrison, Kent},
  journal={preprint},
  year={1999}
}


@article{chan2019unitary,
  title={Unitary-projective entanglement dynamics},
  author={Chan, Amos and Nandkishore, Rahul M and Pretko, Michael and Smith, Graeme},
  journal={Physical Review B},
  volume={99},
  number={22},
  pages={224307},
  year={2019},
  publisher={APS}
}


@article{dankert2009exact,
  title={Exact and approximate unitary 2-designs and their application to fidelity estimation},
  author={Dankert, Christoph and Cleve, Richard and Emerson, Joseph and Livine, Etera},
  journal={Physical Review A},
  volume={80},
  number={1},
  pages={012304},
  year={2009},
  publisher={APS}
}


@article{gross2007evenly,
  title={Evenly distributed unitaries: On the structure of unitary designs},
  author={Gross, David and Audenaert, Koenraad and Eisert, Jens},
  journal={Journal of mathematical physics},
  volume={48},
  number={5},
  pages={052104},
  year={2007},
  publisher={American Institute of Physics}
}


@article{webb2015clifford,
  title={The Clifford group forms a unitary 3-design},
  author={Webb, Zak},
  journal={arXiv preprint arXiv:1510.02769},
  year={2015}
}


@article{tang2020measurement,
  title={Measurement-induced phase transition: A case study in the nonintegrable model by density-matrix renormalization group calculations},
  author={Tang, Qicheng and Zhu, W},
  journal={Physical Review Research},
  volume={2},
  number={1},
  pages={013022},
  year={2020},
  publisher={APS}
}


@article{von2018operator,
  title={Operator hydrodynamics, OTOCs, and entanglement growth in systems without conservation laws},
  author={Von Keyserlingk, CW and Rakovszky, Tibor and Pollmann, Frank and Sondhi, Shivaji Lal},
  journal={Physical Review X},
  volume={8},
  number={2},
  pages={021013},
  year={2018},
  publisher={APS}
}


@article{ilievski2015complete,
  title={Complete generalized Gibbs ensembles in an interacting theory},
  author={Ilievski, Enej and De Nardis, Jacopo and Wouters, Bram and Caux, J-S and Essler, Fabian HL and Prosen, Tomaz},
  journal={Physical review letters},
  volume={115},
  number={15},
  pages={157201},
  year={2015},
  publisher={APS}
}


@article{bohigas1984characterization,
  title={Characterization of chaotic quantum spectra and universality of level fluctuation laws},
  author={Bohigas, Oriol and Giannoni, Marie-Joya and Schmit, Charles},
  journal={Physical Review Letters},
  volume={52},
  number={1},
  pages={1},
  year={1984},
  publisher={APS}
}


@article{guhr1998random,
  title={Random-matrix theories in quantum physics: common concepts},
  author={Guhr, Thomas and M{\"u}ller--Groeling, Axel and Weidenm{\"u}ller, Hans A},
  journal={Physics Reports},
  volume={299},
  number={4-6},
  pages={189--425},
  year={1998},
  publisher={Elsevier}
}


@book{mehta2004random,
  title={Random matrices},
  author={Mehta, Madan Lal},
  year={2004},
  publisher={Elsevier}
}


@article{cotler2017black,
  title={Black holes and random matrices},
  author={Cotler, Jordan S and Gur-Ari, Guy and Hanada, Masanori and Polchinski, Joseph and Saad, Phil and Shenker, Stephen H and Stanford, Douglas and Streicher, Alexandre and Tezuka, Masaki},
  journal={Journal of High Energy Physics},
  volume={2017},
  number={5},
  pages={118},
  year={2017},
  publisher={Springer}
}

@article{calabrese2007quantum,
  title={Quantum quenches in extended systems},
  author={Calabrese, Pasquale and Cardy, John},
  journal={Journal of Statistical Mechanics: Theory and Experiment},
  volume={2007},
  number={06},
  pages={P06008},
  year={2007},
  publisher={IOP Publishing}
}

@article{abanin2019colloquium,
  title={Colloquium: Many-body localization, thermalization, and entanglement},
  author={Abanin, Dmitry A and Altman, Ehud and Bloch, Immanuel and Serbyn, Maksym},
  journal={Reviews of Modern Physics},
  volume={91},
  number={2},
  pages={021001},
  year={2019},
  publisher={APS}
}

@article{vidal2003efficient,
  title={Efficient classical simulation of slightly entangled quantum computations},
  author={Vidal, Guifr{\'e}},
  journal={Physical review letters},
  volume={91},
  number={14},
  pages={147902},
  year={2003},
  publisher={APS}
}

@article{hastings2007area,
  title={An area law for one-dimensional quantum systems},
  author={Hastings, Matthew B},
  journal={Journal of Statistical Mechanics: Theory and Experiment},
  volume={2007},
  number={08},
  pages={P08024},
  year={2007},
  publisher={IOP Publishing}
}

@article{choi1903quantum,
  title={Quantum error correction in scrambling dynamics and measurement induced phase transition},
  author={Choi, S and Bao, Y and Qi, XL and Altman, E},
  journal={arXiv preprint arXiv:1903.05124}
}

@article{garcia2016spectral,
  title={Spectral and thermodynamic properties of the Sachdev-Ye-Kitaev model},
  author={Garc{\'\i}a-Garc{\'\i}a, Antonio M and Verbaarschot, Jacobus JM},
  journal={Physical Review D},
  volume={94},
  number={12},
  pages={126010},
  year={2016},
  publisher={APS}
}

@article{sekino2008fast,
  title={Fast scramblers},
  author={Sekino, Yasuhiro and Susskind, Leonard},
  journal={Journal of High Energy Physics},
  volume={2008},
  number={10},
  pages={065},
  year={2008},
  publisher={IOP Publishing}
}

@article{mezei2017entanglement,
  title={On entanglement spreading in chaotic systems},
  author={Mezei, M{\'a}rk and Stanford, Douglas},
  journal={Journal of High Energy Physics},
  volume={2017},
  number={5},
  pages={65},
  year={2017},
  publisher={Springer}
}